@article{jeong2022finding,
  title={Finding and Listing Front-door Adjustment Sets},
  author={Jeong, Hyunchai and Tian, Jin and Bareinboim, Elias},
  journal={arXiv preprint arXiv:2210.05816},
  year={2022}
}

@misc{fulcher2017,
  doi = {10.48550/ARXIV.1711.03611},
  url = {https://arxiv.org/abs/1711.03611},
  author = {Fulcher, Isabel R. and Shpitser, Ilya and Marealle, Stella and Tchetgen, Eric J. Tchetgen},
  keywords = {Methodology (stat.ME), FOS: Computer and information sciences, FOS: Computer and information sciences},
  title = {Robust inference on population indirect causal effects: the generalized front-door criterion},
  publisher = {arXiv},
  year = {2017},
  copyright = {arXiv.org perpetual, non-exclusive license}
}

@misc{bhattacharya2022,
  doi = {10.48550/ARXIV.2203.00161},
  url = {https://arxiv.org/abs/2203.00161},
  author = {Bhattacharya, Rohit and Nabi, Razieh},
  keywords = {Methodology (stat.ME), Machine Learning (cs.LG), FOS: Computer and information sciences, FOS: Computer and information sciences},
  title = {On Testability of the Front-Door Model via Verma Constraints},
  publisher = {arXiv},
  year = {2022},
  copyright = {Creative Commons Attribution 4.0 International}
}

@article{azur2011multiple,
  title={Multiple imputation by chained equations: what is it and how does it work?},
  author={Azur, Melissa J and Stuart, Elizabeth A and Frangakis, Constantine and Leaf, Philip J},
  journal={International journal of methods in psychiatric research},
  volume={20},
  number={1},
  pages={40--49},
  year={2011},
  publisher={Wiley Online Library}
}

@techreport{ab2011,
  title       = "Can commercial corridors solve Californiaâ€™s housing crisis?",
  author      = "Distefano, Joe and Calthorpe, Peter",
  institution = "Urban Footprint",
  year        = 2022,
  month       = aug
}

@article{metcalf2021will,
  title={Will Allowing Duplexes and Lot Splits on Parcels Zoned for Single-Family Create New Homes?},
  author={Metcalf, Ben and Garcia, David and Carlton, Ian and MacFarlane, Kate},
  journal={Terner Center for Housing Innovation. https://ternercenter. berkeley. edu/research-and-policy/duplexes-lot-split-sb-9},
  year={2021}
}

@report{GarciaAlameldin2023,
    author = {David Garcia and Muhammad Alameldin},
    title = {California's HOME Act Turns One: Data and Insights from the First Year of Senate Bill 9},
    year = {2023},
    month = {January},
    day = {18},
    institution = {Terner Center},
    type = {Report},
    url = {https://ternercenter.berkeley.edu/research-and-policy/sb-9-turns-one-applications/} % Replace with actual URL
}

@techreport{la,
  title       = "Modeling New Housing Supply in Los Angeles: Simulations from the Terner Housing Policy Dashboard",
  author      = "Casey, Alex and Metcalf, Ben and Garcia, David and Tiu, Rebecca, and Romem, Issi",
  institution = "Terner Center",
  year        = {2022},
  month       = {oct}
}


@techreport{elcerrito,
  title       = "El Cerrito Development Feasibility Analysis",
  author      = "Quinn, Alexander and Wiles, Laura",
  institution = "AECOM",
  year        = {2012},
  month       = {nov}
}

@techreport{oakland22,
  title       = "Downtown Oakland Specific Plan: Incentive Program Feasibility Study",
%  author      = "????",
  institution = "Economic & Planning Systems, Inc.",
  year        = {2020},
  month       = {jul}
}

@techreport{oakland13,
  title       = "Oakland Development Feasibility Report",
%  author      = "????",
  institution = "AECOM",
  year        = {2013},
  month       = {nov}
}

@techreport{berkeley11,
  title       = "Berkeley Downtown Development Feasibility Study (2011)",
%  author      = "????",
  institution = "AECOM",
  year        = {2011},
  month       = {oct}
}

@techreport{sf20,
  title       = "Housing Development Feasibility and Costs",
%  author      = "????",
  institution = "San Francisco Planning Department",
  year        = {2020}
%  month       = {oct}
}


@article{elmendorf2020making,
  title={Making It Work: Legal Foundations for Administrative Reform of California's Housing Framework},
  author={Elmendorf, Christopher S and Biber, Eric and Monkkonen, Paavo and O'Neill, Moira},
  journal={Ecology LQ},
  volume={47},
  pages={973},
  year={2020},
  publisher={HeinOnline}
}

@article{macdonald2016effect,
  title={The effect of local government policies on housing supply},
  author={MacDonald, Graham},
  journal={Terner Center for Housing Innovation at UC Berkeley},
  year={2016}
}

@article{garcia2019making,
  title={Making it pencil: the math behind housing development},
  author={Garcia, David},
  journal={Terner Center for Housing Innovation at UC Berkeley. Retrieved from: https://ternercenter. berkeley. edu/making-it-pencil},
  year={2019}
}

@article{pennington2021does,
  title={Does building new housing cause displacement?: the supply and demand effects of construction in San Francisco},
  author={Pennington, Kate},
  journal={The Supply and Demand Effects of Construction in San Francisco (June 15, 2021)},
  year={2021}
}

@article{ling2020impact,
  title={The impact of like-kind exchanges on investment, leverage, and liquidity},
  author={Ling, David C and Petrova, Milena},
  journal={Journal of Real Estate Literature},
  volume={28},
  number={1},
  pages={30--49},
  year={2020},
  publisher={Taylor \& Francis}
}

@article{mast2019effect,
  title={The effect of new market-rate housing construction on the low-income housing market},
  author={Mast, Evan},
  journal={Upjohn Institute WP},
  pages={19--307},
  year={2019}
}

@article{hsieh2019housing,
  title={Housing constraints and spatial misallocation},
  author={Hsieh, Chang-Tai and Moretti, Enrico},
  journal={American Economic Journal: Macroeconomics},
  volume={11},
  number={2},
  pages={1--39},
  year={2019}
}

@book{alamo2015california,
  title={California's high housing costs: Causes and consequences},
  author={Alamo, Chas and Uhler, Brian and O'Malley, Marianne},
  year={2015},
  publisher={Legislative Analyst's Office}
}

@article{treier2008democracy,
  title={Democracy as a latent variable},
  author={Treier, Shawn and Jackman, Simon},
  journal={American Journal of Political Science},
  volume={52},
  number={1},
  pages={201--217},
  year={2008},
  publisher={Wiley Online Library}
}

@article{pearl2014mediation,
  title={Interpretation and identification of causal mediation.},
  author={Pearl, Judea},
  journal={Psychological methods},
  volume={19},
  number={4},
  pages={459},
  year={2014},
  publisher={American Psychological Association}
}

@book{pearl2019tbow,
  title={The Book of Why},
  author={Pearl, Judea and Mackenzie, D},
  year={2019},
  publisher={Basic Books New York City}
}

@article{belloni2014inference,
  title={Inference on treatment effects after selection among high-dimensional controls},
  author={Belloni, Alexandre and Chernozhukov, Victor and Hansen, Christian},
  journal={The Review of Economic Studies},
  volume={81},
  number={2},
  pages={608--650},
  year={2014},
  publisher={Oxford University Press}
}

@book{pearl2009causality,
  title={Causality},
  author={Pearl, Judea},
  year={2009},
  publisher={Cambridge university press}
}

@article{baum2003instrumental,
  title={Instrumental variables and GMM: Estimation and testing},
  author={Baum, Christopher F and Schaffer, Mark E and Stillman, Steven},
  journal={The Stata Journal},
  volume={3},
  number={1},
  pages={1--31},
  year={2003},
  publisher={SAGE Publications Sage CA: Los Angeles, CA}
}

@book{wooldridge2010econometric,
  title={Econometric analysis of cross section and panel data},
  author={Wooldridge, Jeffrey M},
  year={2010},
  publisher={MIT press}
}

@article{cochran1968errors,
  title={Errors of measurement in statistics},
  author={Cochran, William G},
  journal={Technometrics},
  volume={10},
  number={4},
  pages={637--666},
  year={1968},
  publisher={Taylor \& Francis}
}

@article{smithissues,
  title={Issues in the reporting and conduct of instrumental variable studies: a systematic},
  author={Smith, George Davey and Windmeijer, Frank and Martin, Richard Michael},
  journal={Epidemiology},
  year={2013},
  month={May},
  volume={24},
  number={3},
  pages={363-9}
}

@article{murphy2020performing,
  title={Performing calculative practices: Residual valuation, the residential development process and affordable housing},
  author={Murphy, Laurence},
  journal={Housing Studies},
  volume={35},
  number={9},
  pages={1501--1517},
  year={2020},
  publisher={Taylor \& Francis}
}

@article{byrne2011precisely,
  title={Precisely wrong or roughly right? An evaluation of development viability appraisal modelling},
  author={Byrne, Peter and McAllister, Pat and Wyatt, Peter},
  journal={Journal of Financial Management of Property and Construction},
  year={2011},
  publisher={Emerald Group Publishing Limited}
}
@article{atherton2008decision,
  title={Decision theory and real estate development: a note on uncertainty},
  author={Atherton, Elizabeth and French, Nick and Gabrielli, Laura},
  journal={Journal of European Real Estate Research},
  year={2008},
  publisher={Emerald Group Publishing Limited}
}

@book{havard2013financial,
  title={Financial feasibility studies for property development: theory and practice},
  author={Havard, Tim},
  year={2013},
  publisher={Routledge}
}

@article{phillips2021reducing,
  title={Reducing Development Costs with Impact Fee Deferral},
  author={Phillips, Shane},
  year={2021}
}

@article{dorogush2018catboost,
  title={CatBoost: gradient boosting with categorical features support},
  author={Dorogush, Anna Veronika and Ershov, Vasily and Gulin, Andrey},
  journal={arXiv preprint arXiv:1810.11363},
  year={2018}
}

@article{bentejac2021comparative,
  title={A comparative analysis of gradient boosting algorithms},
  author={Bent{\'e}jac, Candice and Cs{\"o}rg{\H{o}}, Anna and Mart{\'\i}nez-Mu{\~n}oz, Gonzalo},
  journal={Artificial Intelligence Review},
  volume={54},
  pages={1937--1967},
  year={2021},
  publisher={Springer}
}

@article{prokhorenkova2018catboost,
  title={CatBoost: unbiased boosting with categorical features},
  author={Prokhorenkova, Liudmila and Gusev, Gleb and Vorobev, Aleksandr and Dorogush, Anna Veronika and Gulin, Andrey},
  journal={Advances in neural information processing systems},
  volume={31},
  year={2018}
}

@article{gyourko2006construction,
  title={Construction costs and the supply of housing structure},
  author={Gyourko, Joseph and Saiz, Albert},
  journal={Journal of regional Science},
  volume={46},
  number={4},
  pages={661--680},
  year={2006},
  publisher={Wiley Online Library}
}

@article{clarke2012instrumental,
  title={Instrumental variable estimators for binary outcomes},
  author={Clarke, Paul S and Windmeijer, Frank},
  journal={Journal of the American Statistical Association},
  volume={107},
  number={500},
  pages={1638--1652},
  year={2012},
  publisher={Taylor \& Francis}
}

@article{cinelli2021crash,
  title={A crash course in good and bad controls},
  author={Cinelli, Carlos and Forney, Andrew and Pearl, Judea},
  journal={Sociological Methods \& Research},
  pages={1-30},
  year={2021},
  publisher={SAGE Publications Sage CA: Los Angeles, CA}
}

@article{silva2001two,
  title={Two-part multiple spell models for health care demand},
  author={Silva, Jo{\~a}o MC Santos and Windmeijer, Frank},
  journal={Journal of Econometrics},
  volume={104},
  number={1},
  pages={67--89},
  year={2001},
  publisher={Elsevier}
}

@article{hansen1982large,
  title={Large sample properties of generalized method of moments estimators},
  author={Hansen, Lars Peter},
  journal={Econometrica: Journal of the econometric society},
  pages={1029--1054},
  year={1982},
  publisher={JSTOR}
}

@article{wooldridge2001applications,
  title={Applications of generalized method of moments estimation},
  author={Wooldridge, Jeffrey M},
  journal={Journal of Economic perspectives},
  volume={15},
  number={4},
  pages={87--100},
  year={2001}
}

@article{pearl2009causal,
  title={Causal inference in statistics: An overview},
  author={Pearl, Judea},
  journal={Statistics surveys},
  volume={3},
  pages={96--146},
  year={2009},
  publisher={Amer. Statist. Assoc., the Bernoulli Soc., the Inst. Math. Statist., and the~â€¦}
}

@article{pearl2012causal,
  title={The causal mediation formulaâ€”a guide to the assessment of pathways and mechanisms},
  author={Pearl, Judea},
  journal={Prevention science},
  volume={13},
  number={4},
  pages={426--436},
  year={2012},
  publisher={Springer}
}

@incollection{baltagi2008companion,
  booktitle={A companion to theoretical econometrics},
  edit={Baltagi, Badi H},
  author={Wansbeek, Tom and Meijer, Erik},
  title={Measurement Error and Latent Variables},
  year={2008},
  publisher={John Wiley \& Sons}
}

@article{meijer2017consistent,
  title={Consistent estimation of linear panel data models with measurement error},
  author={Meijer, Erik and Spierdijk, Laura and Wansbeek, Tom},
  journal={Journal of Econometrics},
  volume={200},
  number={2},
  pages={169--180},
  year={2017},
  publisher={Elsevier}
}

@article{schennach2016recent,
  title={Recent advances in the measurement error literature},
  author={Schennach, Susanne M},
  journal={Annual Review of Economics},
  volume={8},
  pages={341--377},
  year={2016},
  publisher={JSTOR}
}

@incollection{schennach2020mismeasured,
  title={Mismeasured and unobserved variables},
  author={Schennach, Susanne M},
  booktitle={Handbook of Econometrics},
  volume={7},
  pages={487--565},
  year={2020},
  publisher={Elsevier}
}

@article{bouwman2018murdering,
  title={Murdering the Market: How Stigmatized Property Disclosure Requirements in South Dakota Unreasonably Diminish Economic Value in the Residential Real Estate Market},
  author={Bouwman, Jacquelyn A},
  journal={SDL Rev.},
  volume={63},
  pages={387},
  year={2018},
  publisher={HeinOnline}
}

@misc{yuchen2022,
  doi = {10.48550/ARXIV.2206.09186},
  
  url = {https://arxiv.org/abs/2206.09186},
  
  author = {Zhu, Yuchen and Gultchin, Limor and Gretton, Arthur and Kusner, Matt and Silva, Ricardo},
  
  keywords = {Machine Learning (cs.LG), Methodology (stat.ME), FOS: Computer and information sciences, FOS: Computer and information sciences},
  
  title = {Causal Inference with Treatment Measurement Error: A Nonparametric Instrumental Variable Approach},
  
  publisher = {arXiv},
  
  year = {2022},
  
  copyright = {Creative Commons Attribution 4.0 International}
}

@article{monkkonen2016understanding,
  title={Understanding and challenging opposition to housing construction in Californiaâ€™s urban areas},
  author={Monkkonen, Paavo},
  journal={Available at SSRN 3459823},
  year={2016}
}

@article{bronin2023zoning,
  title={Zoning by a thousand cuts},
  author={Bronin, Sara C},
  journal={Pepp. L. Rev.},
  volume={50},
  pages={719},
  year={2023},
  publisher={HeinOnline}
}

@online{SFHousingElement2022,
    author = {{SF Planning Department}},
    title = {Appendix C â€“ Analysis of Governmental and Non-Governmental Constraints},
    year = {2023},
    url = {https://sfplanning.s3.amazonaws.com/archives/sfhousingelement.org/files/AppendixC.pdf},
    note = {In ADOPTED HOUSING ELEMENT 2022 UPDATE, adopted January 31, 2023},
    organization = {City and County of San Francisco},
    type = {Government Document}
}

@online{SFHousingElement2022AppendixB,
    author = {{SF Planning Department}},
    title = {Appendix B: Sites Inventory and Rezoning Program},
    year = {2023},
    url = {https://sfplanning.org/sites/default/files/documents/citywide/housing-choice/housingchoice_element_appendixB_sites_inventory.pdf},
    note = {In ADOPTED HOUSING ELEMENT 2022 UPDATE, adopted January 31, 2023},
    organization = {City and County of San Francisco},
    type = {Government Document}
}


@book{dougherty2020golden,
  title={Golden gates: Fighting for housing in America},
  author={Dougherty, Conor},
  year={2020},
  publisher={Penguin}
}

@article{herkenhoff2018tarnishing,
  title={Tarnishing the golden and empire states: Land-use restrictions and the US economic slowdown},
  author={Herkenhoff, Kyle F and Ohanian, Lee E and Prescott, Edward C},
  journal={Journal of Monetary Economics},
  volume={93},
  pages={89--109},
  year={2018},
  publisher={Elsevier}
}

@article{kushel2023towards,
  title={Towards a New Understanding: The California Statewide Study of People Experiencing Homelessness},
  author={Kushel, Margot and Moore, Tiana},
  year={2023},
  publisher={BHHI: UCSF Benioff Homelessness and Housing Initiative}
}

@article{Athey_2021,
	doi = {10.1080/01621459.2021.1891924},
  
	url = {https://doi.org/10.1080%2F01621459.2021.1891924},
  
	year = 2021,
	month = {may},
  
	publisher = {Informa {UK} Limited},
  
	volume = {116},
  
	number = {536},
  
	pages = {1716--1730},
  
	author = {Susan Athey and Mohsen Bayati and Nikolay Doudchenko and Guido Imbens and Khashayar Khosravi},
  
	title = {Matrix Completion Methods for Causal Panel Data Models},
  
	journal = {Journal of the American Statistical Association}
}

@techreport{schennach2020using,
  title={Using spatial modeling to address covariate measurement error},
  author={Schennach, Susanne M and Starck, Vincent},
  year={2020},
  institution={cemmap working paper}
}

@article{pinkse2010future,
  title={The future of spatial econometrics},
  author={Pinkse, Joris and Slade, Margaret E},
  journal={Journal of Regional Science},
  volume={50},
  number={1},
  pages={103--117},
  year={2010},
  publisher={Wiley Online Library}
}